<record><leader>00000cas a22000007a 4500</leader><controlfield tag="001">17538377</controlfield><controlfield tag="008">880225d19701973ohuwr ne      0    0eng d</controlfield><datafield ind1=" " ind2=" " tag="010"><subfield code="a">sn 88077194 </subfield></datafield><datafield ind1=" " ind2=" " tag="040"><subfield code="a">ONP</subfield><subfield code="b">eng</subfield><subfield code="c">ONP</subfield><subfield code="d">OCLCQ</subfield></datafield><datafield ind1=" " ind2=" " tag="042"><subfield code="a">msc</subfield></datafield><datafield ind1="0" ind2="0" tag="245"><subfield code="a">Mad River courier.</subfield></datafield><datafield ind1="3" ind2="0" tag="246"><subfield code="a">Courier</subfield></datafield><datafield ind1=" " ind2=" " tag="260"><subfield code="a">Huber Heights, Ohio :</subfield><subfield code="b">S &amp; S Print. &amp; Pub.</subfield></datafield><datafield ind1=" " ind2=" " tag="310"><subfield code="a">Weekly</subfield></datafield><datafield ind1="1" ind2=" " tag="362"><subfield code="a">Began in 1970; ceased in 1973?</subfield></datafield><datafield ind1=" " ind2=" " tag="500"><subfield code="a">Published as: Courier, May 25, 1972-&lt;Dec. 21, 1972&gt;.</subfield></datafield><datafield ind1=" " ind2=" " tag="588"><subfield code="a">Description based on: Vol. 1, no. 20 (Mar. 11, 1971).</subfield></datafield><datafield ind1=" " ind2=" " tag="752"><subfield code="a">United States</subfield><subfield code="b">Ohio</subfield><subfield code="c">Montgomery</subfield><subfield code="d">Huber Heights.</subfield></datafield><datafield ind1="0" ind2="0" tag="785"><subfield code="t">Huber Heights courier</subfield><subfield code="w">(DLC)sn 90068209</subfield></datafield></record>